@inproceedings{kushagra2019asemisupervised,
  title={A semi-supervised framework of clustering selection for deduplication},
  author={Kushagra, Shrinu and Saxena, Hemant and Ilyas, Ihab and Ben-David, Shai},
  booktitle={ICDE},
  year={2019}
}

@inproceedings{kushagra2019semisupervised,
  title={Semi-supervised clustering for deduplication},
  author={Kushagra, Shrinu and Ben-David, Shai and Ilyas, Ihab},
  booktitle={AISTATS},
  year={2019}
}

@article{kushagra2017provably,
  title={Provably noise-robust, regularised $k$-means clustering},
  author={Kushagra, Shrinu and Yu, Yaoliang and Ben-David, Shai},
  journal={arXiv preprint arXiv:1711.11247},
  year={2017}
}

@article{Bellman73,
	title = {A Note on Cluster Analysis and Dynamic Programming},
    author = {Richard Bellman},
    journal = {Mathematical Biosciences},
    volume = {18},
    pages = {311--312},
    year = {1973},
}

@article{cohen2017emnist,
  title={Emnist: an extension of mnist to handwritten letters},
  author={Cohen, Gregory and Afshar, Saeed and Tapson, Jonathan and van Schaik, Andr{\'e}},
  journal={arXiv preprint arXiv:1702.05373},
  year={2017}
}

@article{lecun1998gradient,
  title={Gradient-based learning applied to document recognition},
  author={LeCun, Yann and Bottou, L{\'e}on and Bengio, Yoshua and Haffner, Patrick},
  journal={Proceedings of the IEEE},
  volume={86},
  number={11},
  pages={2278--2324},
  year={1998},
  publisher={IEEE}
}

@book{dasgupta2008hardness,
  title={The hardness of k-means clustering},
  author={Dasgupta, Sanjoy},
  year={2008},
  publisher={Department of Computer Science and Engineering, University of California, San Diego}
}

@inproceedings{charikar2017learning,
  title={Learning from untrusted data},
  author={Charikar, Moses and Steinhardt, Jacob and Valiant, Gregory},
  booktitle={Proceedings of the 49th Annual ACM SIGACT Symposium on Theory of Computing},
  pages={47--60},
  year={2017},
  organization={ACM}
}

@incollection{awasthi2012improved,
  title={Improved spectral-norm bounds for clustering},
  author={Awasthi, Pranjal and Sheffet, Or},
  booktitle={Approximation, Randomization, and Combinatorial Optimization. Algorithms and Techniques},
  pages={37--49},
  year={2012},
  publisher={Springer}
}

@inproceedings{balcan2008discriminative,
  title={A discriminative framework for clustering via similarity functions},
  author={Balcan, Maria-Florina and Blum, Avrim and Vempala, Santosh},
  booktitle={Proceedings of the fortieth annual ACM symposium on Theory of computing},
  pages={671--680},
  year={2008},
  organization={ACM}
}

@article{iguchi2015tightness,
  title={On the tightness of an SDP relaxation of k-means},
  author={Iguchi, Takayuki and Mixon, Dustin G and Peterson, Jesse and Villar, Soledad},
  journal={arXiv preprint arXiv:1505.04778},
  year={2015}
}

@article{vershynin2010introduction,
  title={Introduction to the non-asymptotic analysis of random matrices},
  author={Vershynin, Roman},
  journal={arXiv preprint arXiv:1011.3027},
  year={2010}
}

@article{hennig2008dissolution,
  title={Dissolution point and isolation robustness: robustness criteria for general cluster analysis methods},
  author={Hennig, Christian},
  journal={Journal of multivariate analysis},
  volume={99},
  number={6},
  pages={1154--1176},
  year={2008},
  publisher={Elsevier}
}

@inproceedings{ackerman2013clustering,
  title={Clustering oligarchies},
  author={Ackerman, Margareta and Ben-David, Shai and Loker, David and Sabato, Sivan},
  booktitle={Artificial Intelligence and Statistics},
  pages={66--74},
  year={2013}
}

@article{ben2014data,
  title={Data stability in clustering: A closer look},
  author={Ben-David, Shalev and Reyzin, Lev},
  journal={Theoretical Computer Science},
  volume={558},
  pages={51--61},
  year={2014},
  publisher={Elsevier}
}

@inproceedings{macqueen1967some,
  title={Some methods for classification and analysis of multivariate observations},
  author={MacQueen, James and others},
  booktitle={Proceedings of the fifth Berkeley symposium on mathematical statistics and probability},
  volume={1},
  number={14},
  pages={281--297},
  year={1967},
  organization={Oakland, CA, USA.}
}

@inproceedings{ben2014clustering,
  title={Clustering in the Presence of Background Noise.},
  author={Ben-David, Shai and Haghtalab, Nika},
  booktitle={ICML},
  pages={280--288},
  year={2014}
}

@article{ben2015computational,
  title={Computational feasibility of clustering under clusterability assumptions},
  author={Ben-David, Shai},
  journal={arXiv preprint arXiv:1501.00437},
  year={2015}
}

@article{awasthi2012center,
  title={Center-based clustering under perturbation stability},
  author={Awasthi, Pranjal and Blum, Avrim and Sheffet, Or},
  journal={Information Processing Letters},
  volume={112},
  number={1},
  pages={49--54},
  year={2012},
  publisher={Elsevier}
}

@article{garcia2008general,
  title={A general trimming approach to robust cluster analysis},
  author={Garc{\'\i}a-Escudero, Luis A and Gordaliza, Alfonso and Matr{\'a}n, Carlos and Mayo-Iscar, Agustin},
  journal={The Annals of Statistics},
  pages={1324--1345},
  year={2008},
  publisher={JSTOR}
}

@inproceedings{ackerman2009clusterability,
  title={Clusterability: A theoretical study},
  author={Ackerman, Margareta and Ben-David, Shai},
  booktitle={International Conference on Artificial Intelligence and Statistics},
  pages={1--8},
  year={2009}
}

@article{cuesta1997trimmed,
  title={Trimmed $ k $-means: An attempt to robustify quantizers},
  author={Cuesta-Albertos, JA and Gordaliza, Alfonso and Matr{\'a}n, Carlos and others},
  journal={The Annals of Statistics},
  volume={25},
  number={2},
  pages={553--576},
  year={1997},
  publisher={Institute of Mathematical Statistics}
}

@incollection{balcan2012clustering,
  title={Clustering under perturbation resilience},
  author={Balcan, Maria Florina and Liang, Yingyu},
  booktitle={Automata, Languages, and Programming},
  pages={63--74},
  year={2012},
  publisher={Springer}
}

@article{lloyd1982least,
  title={Least squares quantization in PCM},
  author={Lloyd, Stuart},
  journal={IEEE transactions on information theory},
  volume={28},
  number={2},
  pages={129--137},
  year={1982},
  publisher={IEEE}
}

@inproceedings{kushagra2016finding,
  title={Finding Meaningful Cluster Structure Amidst Background Noise},
  author={Kushagra, Shrinu and Samadi, Samira and Ben-David, Shai},
  booktitle={International Conference on Algorithmic Learning Theory},
  pages={339--354},
  year={2016},
  organization={Springer}
}

@inproceedings{awasthi2015relax,
  title={Relax, no need to round: Integrality of clustering formulations},
  author={Awasthi, Pranjal and Bandeira, Afonso S and Charikar, Moses and Krishnaswamy, Ravishankar and Villar, Soledad and Ward, Rachel},
  booktitle={Proceedings of the 2015 Conference on Innovations in Theoretical Computer Science},
  pages={191--200},
  year={2015},
  organization={ACM}
}

@InProceedings{kmeanspp,
	author={D. Arthur and S. Vassilvitskii},
    year={2007},
    title={$k$-means++: the advantages of careful seeding},
    booktitle={Proceedings of the 18th ACM-SIAM Symposium on Discrete Algorithms},
    publisher={SIAM},
    pages={1027–1035}
}

@InProceedings{github,
	author={D. Mixon, S. Villar, and R. Ward},
    title={Clustering subgaussian mixtures by semidefinite programming},
    booktitle={IEEE 2016 Information Theory Workshop},
    publisher={IEEE},
    year={2016},
    month={September 11-14,},
    howpublished = {\url{https://github.com/solevillar/kmeans_sdp}}
}

@article{yang2015sdpnal+,
  title={SDPNAL+: a majorized semismooth Newton-CG augmented Lagrangian method for semidefinite programming with nonnegative constraints},
  author={Yang, Liuqin and Sun, Defeng and Toh, Kim-Chuan},
  journal={Mathematical Programming Computation},
  volume={7},
  number={3},
  pages={331--366},
  year={2015},
  publisher={Springer}
}

@article{peng2007approximating,
  title={Approximating k-means-type clustering via semidefinite programming},
  author={Peng, Jiming and Wei, Yu},
  journal={SIAM journal on optimization},
  volume={18},
  number={1},
  pages={186--205},
  year={2007},
  publisher={SIAM}
}

@Article{lloyd,
	author={S.P. Lloyd},
    title={Least squares quantization in pcm},
    journal={IEEE Transactions on
Information Theory}, 
	volume={28},
    pages={129–137}, 
    year={1982}
}

@Article{segment,
	author={T. Kanungo, D.M. Mount, N.S. Netanyahu, C.D. Piatko, R. Silverman, A.Y. Wu},
    year={2002},
    title={An efficient $k$-means clustering algorithm: analysis and implementation},
    journal={IEEE Transactions on Pattern Analysis and Machine Intelligence},
    volume={24},
    pages={881–892}
}

@inproceedings{dave1993robust,
  title={Robust fuzzy clustering algorithms},
  author={Dave, Rajesh N},
  booktitle={Fuzzy Systems, 1993., Second IEEE International Conference on},
  pages={1281--1286},
  year={1993},
  organization={IEEE}
}

@book{dasgupta2008hardness,
  title={The hardness of k-means clustering},
  author={Dasgupta, Sanjoy},
  year={2008},
  publisher={Department of Computer Science and Engineering, University of California, San Diego}
}

@Article{kmeans2,
	author={M. Mahajana, P. Nimbhorkar, and K. Varadarajan},
    title={The planar $k$-means problem is NP-hard},
    journal={Theoretical Computer Science},
    volume={442},
    pages={13–21},
    year={2012}
}

@Article{kmed,
	author={S. Ben-David and L. Reyzin},
    title={Data stability in clustering: A closer look},
    journal={Theoretical Computer Science},
    volume={558},
    pages={51-61},
    year={2014}
}

@article{balcan2012distributed,
  title={Distributed learning, communication complexity and privacy},
  author={Balcan, Maria-Florina and Blum, Avrim and Fine, Shai and Mansour, Yishay},
  journal={arXiv preprint arXiv:1204.3514},
  year={2012}
}

@article{cuesta1997trimmed,
  title={Trimmed $ k $-means: An attempt to robustify quantizers},
  author={Cuesta-Albertos, JA and Gordaliza, Alfonso and Matr{\'a}n, Carlos and others},
  journal={The Annals of Statistics},
  volume={25},
  number={2},
  pages={553--576},
  year={1997},
  publisher={Institute of Mathematical Statistics}
}

@article{ben2014data,
  title={Data stability in clustering: A closer look},
  author={Ben-David, Shalev and Reyzin, Lev},
  journal={Theoretical Computer Science},
  volume={558},
  pages={51--61},
  year={2014},
  publisher={Elsevier}
}


@inproceedings{dave1993robust,
  title={Robust fuzzy clustering algorithms},
  author={Dave, Rajesh N},
  booktitle={Fuzzy Systems, 1993., Second IEEE International Conference on},
  pages={1281--1286},
  year={1993},
  organization={IEEE}
}

@article{garcia2008general,
  title={A general trimming approach to robust cluster analysis},
  author={Garc{\'\i}a-Escudero, Luis A and Gordaliza, Alfonso and Matr{\'a}n, Carlos and Mayo-Iscar, Agustin},
  journal={The Annals of Statistics},
  pages={1324--1345},
  year={2008},
  publisher={JSTOR}
}

@article{ashtiani2015representation,
  title={Representation Learning for Clustering: A Statistical Framework},
  author={Ashtiani, Hassan and Ben-David, Shai},
  journal={arXiv preprint arXiv:1506.05900},
  year={2015}
}


@inproceedings{reyzin2012data,
  title={Data stability in clustering: A closer look},
  author={Reyzin, Lev},
  booktitle={Algorithmic Learning Theory},
  pages={184--198},
  year={2012},
  organization={Springer}
}

@inproceedings{balcan2008discriminative,
  title={A discriminative framework for clustering via similarity functions},
  author={Balcan, Maria-Florina and Blum, Avrim and Vempala, Santosh},
  booktitle={Proceedings of the fortieth annual ACM symposium on Theory of computing},
  pages={671--680},
  year={2008},
  organization={ACM}
}

@inproceedings{ben2014clustering,
  title={Clustering in the Presence of Background Noise},
  author={Ben-David, Shai and Haghtalab, Nika},
  booktitle={Proceedings of the 31st International Conference on Machine Learning (ICML-14)},
  pages={280--288},
  year={2014}
}

@incollection{balcan2012clustering,
  title={Clustering under perturbation resilience},
  author={Balcan, Maria Florina and Liang, Yingyu},
  booktitle={Automata, Languages, and Programming},
  pages={63--74},
  year={2012},
  publisher={Springer}
}

@article{bilu2012stable,
  title={Are stable instances easy?},
  author={Bilu, Yonatan and Linial, Nathan},
  journal={Combinatorics, Probability and Computing},
  volume={21},
  number={05},
  pages={643--660},
  year={2012},
  publisher={Cambridge Univ Press}
}

@article{ben2015computational,
  title={Computational Feasibility of Clustering under Clusterability Assumptions},
  author={Ben-David, Shai},
  journal={arXiv preprint arXiv:1501.00437},
  year={2015}
}

@inproceedings{ackerman2009clusterability,
  title={Clusterability: A theoretical study},
  author={Ackerman, Margareta and Ben-David, Shai},
  booktitle={International Conference on Artificial Intelligence and Statistics},
  pages={1--8},
  year={2009}
}

@article{daniely2012clustering,
  title={Clustering is difficult only when it does not matter},
  author={Daniely, Amit and Linial, Nati and Saks, Michael},
  journal={arXiv preprint arXiv:1205.4891},
  year={2012}
}

@inproceedings{narasimhan2005q,
  title={Q-clustering},
  author={Narasimhan, Mukund and Jojic, Nebojsa and Bilmes, Jeff A},
  booktitle={Advances in Neural Information Processing Systems},
  pages={979--986},
  year={2005}
}

@article{awasthi2012center,
  title={Center-based clustering under perturbation stability},
  author={Awasthi, Pranjal and Blum, Avrim and Sheffet, Or},
  journal={Information Processing Letters},
  volume={112},
  number={1},
  pages={49--54},
  year={2012},
  publisher={Elsevier}
}

@incollection{vapnik2015uniform,
  title={On the uniform convergence of relative frequencies of events to their probabilities},
  author={Vapnik, Vladimir N and Chervonenkis, A Ya},
  booktitle={Measures of Complexity},
  pages={11--30},
  year={2015},
  publisher={Springer}
}

@article{charikar2005clustering,
  title={Clustering with qualitative information},
  author={Charikar, Moses and Guruswami, Venkatesan and Wirth, Anthony},
  journal={Journal of Computer and System Sciences},
  volume={71},
  number={3},
  pages={360--383},
  year={2005},
  publisher={Elsevier}
}
@article{chu2016distributed,
  title={Distributed data deduplication},
  author={Chu, Xu and Ilyas, Ihab F and Koutris, Paraschos},
  journal={Proceedings of the VLDB Endowment},
  volume={9},
  number={11},
  pages={864--875},
  year={2016},
  publisher={VLDB Endowment}
}

@article{bilenko2003adaptive,
  title={Adaptive name matching in information integration},
  author={Bilenko, Mikhail and Mooney, Raymond and Cohen, William and Ravikumar, Pradeep and Fienberg, Stephen},
  journal={IEEE Intelligent Systems},
  volume={18},
  number={5},
  pages={16--23},
  year={2003},
  publisher={IEEE}
}

@article{cochinwala2001efficient,
  title={Efficient data reconciliation},
  author={Cochinwala, Munir and Kurien, Verghese and Lalk, Gail and Shasha, Dennis},
  journal={Information Sciences},
  volume={137},
  number={1-4},
  pages={1--15},
  year={2001},
  publisher={Elsevier}
}

@inproceedings{cohen1998integration,
  title={Integration of heterogeneous databases without common domains using queries based on textual similarity},
  author={Cohen, William W},
  booktitle={ACM SIGMOD Record},
  volume={27},
  number={2},
  pages={201--212},
  year={1998},
  organization={ACM}
}

@inproceedings{monge1996field,
  title={The Field Matching Problem: Algorithms and Applications.},
  author={Monge, Alvaro E and Elkan, Charles and others},
  booktitle={KDD},
  pages={267--270},
  year={1996}
}

@book{jaro1980unimatch,
  title={UNIMATCH, a Record Linkage System: Users Manual},
  author={Jaro, Matthew A},
  year={1980},
  publisher={Bureau of the Census}
}

@article{waterman1981identification,
  title={Identification of common molecular subsequence},
  author={Smith, TF and Waterman, MS},
  journal={J Mol. Biol},
  volume={147},
  year={1981}
}

@inproceedings{levenshtein1966binary,
  title={Binary codes capable of correcting deletions, insertions, and reversals},
  author={Levenshtein, Vladimir I},
  booktitle={Soviet physics doklady},
  volume={10},
  number={8},
  pages={707--710},
  year={1966}
}

@inproceedings{ailon2018approximate,
  title={Approximate Correlation Clustering Using Same-Cluster Queries},
  author={Ailon, Nir and Bhattacharya, Anup and Jaiswal, Ragesh},
  booktitle={Latin American Symposium on Theoretical Informatics},
  pages={14--27},
  year={2018},
  organization={Springer}
}

@article{demaine2006correlation,
  title={Correlation clustering in general weighted graphs},
  author={Demaine, Erik D and Emanuel, Dotan and Fiat, Amos and Immorlica, Nicole},
  journal={Theoretical Computer Science},
  volume={361},
  number={2-3},
  pages={172--187},
  year={2006},
  publisher={Elsevier}
}

@inproceedings{ben2014sample,
  title={The sample complexity of agnostic learning under deterministic labels},
  author={Ben-David, Shai and Urner, Ruth},
  booktitle={Conference on Learning Theory},
  pages={527--542},
  year={2014}
}

@article{bell2010number,
  title={The On-Line Encyclopedia of Integer Sequences},
  journal={published electronically at https://oeis.org, 2010},
  author={Sequence A000108}
}

@inproceedings{gionis1999similarity,
  title={Similarity search in high dimensions via hashing},
  author={Gionis, Aristides and Indyk, Piotr and Motwani, Rajeev and others},
  booktitle={Vldb},
  volume={99},
  number={6},
  pages={518--529},
  year={1999}
}

@inproceedings{indyk1998approximate,
  title={Approximate nearest neighbors: towards removing the curse of dimensionality},
  author={Indyk, Piotr and Motwani, Rajeev},
  booktitle={Proceedings of the thirtieth annual ACM symposium on Theory of computing},
  pages={604--613},
  year={1998},
  organization={ACM}
}

@article{brown2011wasted,
  title={How I wasted too long finding a concentration inequality for sums of geometric variables},
  author={Brown, Daniel G},
  journal={Found at https://cs. uwaterloo. ca/\~{} browndg/negbin. pdf},
  volume={6},
  year={2011}
}

@article{ailon2008aggregating,
  title={Aggregating inconsistent information: ranking and clustering},
  author={Ailon, Nir and Charikar, Moses and Newman, Alantha},
  journal={Journal of the ACM (JACM)},
  volume={55},
  number={5},
  pages={23},
  year={2008},
  publisher={ACM}
}

@inproceedings{elsner2009bounding,
  title={Bounding and comparing methods for correlation clustering beyond ILP},
  author={Elsner, Micha and Schudy, Warren},
  booktitle={Proceedings of the Workshop on Integer Linear Programming for Natural Langauge Processing},
  pages={19--27},
  year={2009},
  organization={Association for Computational Linguistics}
}

@inproceedings{hernandez1995merge,
  title={The merge/purge problem for large databases},
  author={Hern{\'a}ndez, Mauricio A and Stolfo, Salvatore J},
  booktitle={ACM Sigmod Record},
  volume={24},
  number={2},
  pages={127--138},
  year={1995},
  organization={ACM}
}

@article{kulis2009semi,
  title={Semi-supervised graph clustering: a kernel approach},
  author={Kulis, Brian and Basu, Sugato and Dhillon, Inderjit and Mooney, Raymond},
  journal={Machine learning},
  volume={74},
  number={1},
  pages={1--22},
  year={2009},
  publisher={Springer}
}

@inproceedings{basu2004probabilistic,
  title={A probabilistic framework for semi-supervised clustering},
  author={Basu, Sugato and Bilenko, Mikhail and Mooney, Raymond J},
  booktitle={Proceedings of the tenth ACM SIGKDD international conference on Knowledge discovery and data mining},
  pages={59--68},
  year={2004},
  organization={ACM}
}

@inproceedings{basu2002semi,
  title={Semi-supervised clustering by seeding},
  author={Basu, Sugato and Banerjee, Arindam and Mooney, Raymond},
  booktitle={In Proceedings of 19th International Conference on Machine Learning (ICML-2002},
  year={2002},
  organization={Citeseer}
}

@article{jain1988algorithms,
  title={Algorithms for clustering data},
  author={Jain, Anil K and Dubes, Richard C},
  year={1988},
  publisher={Prentice-Hall, Inc.}
}

@inproceedings{macqueen1967some,
  title={Some methods for classification and analysis of multivariate observations},
  author={MacQueen, James and others},
  booktitle={Proceedings of the fifth Berkeley symposium on mathematical statistics and probability},
  volume={1},
  number={14},
  pages={281--297},
  year={1967},
  organization={Oakland, CA, USA}
}

@article{ilyas2015trends,
  title={Trends in cleaning relational data: Consistency and deduplication},
  author={Ilyas, Ihab F and Chu, Xu and others},
  journal={Foundations and Trends{\textregistered} in Databases},
  volume={5},
  number={4},
  pages={281--393},
  year={2015},
  publisher={Now Publishers, Inc.}
}

@article{bansal2004correlation,
  title={Correlation clustering},
  author={Bansal, Nikhil and Blum, Avrim and Chawla, Shuchi},
  journal={Machine Learning},
  volume={56},
  number={1-3},
  pages={89--113},
  year={2004},
  publisher={Springer}
}

@article{elmagarmid2007duplicate,
  title={Duplicate record detection: A survey},
  author={Elmagarmid, Ahmed K and Ipeirotis, Panagiotis G and Verykios, Vassilios S},
  journal={IEEE Transactions on knowledge and data engineering},
  volume={19},
  number={1},
  pages={1--16},
  year={2007},
  publisher={IEEE}
}

@inproceedings{balcan2008clustering,
  title={Clustering with interactive feedback},
  author={Balcan, Maria-Florina and Blum, Avrim},
  booktitle={International Conference on Algorithmic Learning Theory},
  pages={316--328},
  year={2008},
  organization={Springer}
}

@article{ashtiani2015representation,
  title={Representation learning for clustering: a statistical framework},
  author={Ashtiani, Hassan and Ben-David, Shai},
  journal={arXiv preprint arXiv:1506.05900},
  year={2015}
}

@article{murtagh2012algorithms,
  title={Algorithms for hierarchical clustering: an overview},
  author={Murtagh, Fionn and Contreras, Pedro},
  journal={Wiley Interdisciplinary Reviews: Data Mining and Knowledge Discovery},
  volume={2},
  number={1},
  pages={86--97},
  year={2012},
  publisher={Wiley Online Library}
}

@inproceedings{ashtiani2016clustering,
  title={Clustering with same-cluster queries},
  author={Ashtiani, Hassan and Kushagra, Shrinu and Ben-David, Shai},
  booktitle={Advances in neural information processing systems},
  pages={3216--3224},
  year={2016}
}

@inproceedings{charikar2002similarity,
  title={Similarity estimation techniques from rounding algorithms},
  author={Charikar, Moses S},
  booktitle={Proceedings of the thiry-fourth annual ACM symposium on Theory of computing},
  pages={380--388},
  year={2002},
  organization={ACM}
}

@article{broder2000min,
  title={Min-wise independent permutations},
  author={Broder, Andrei Z and Charikar, Moses and Frieze, Alan M and Mitzenmacher, Michael},
  journal={Journal of Computer and System Sciences},
  volume={60},
  number={3},
  pages={630--659},
  year={2000},
  publisher={Elsevier}
}

@inproceedings{broder1997resemblance,
  title={On the resemblance and containment of documents},
  author={Broder, Andrei Z},
  booktitle={Compression and Complexity of Sequences 1997. Proceedings},
  pages={21--29},
  year={1997},
  organization={IEEE}
}

@book{mitzenmacher2005probability,
  title={Probability and computing: Randomized algorithms and probabilistic analysis},
  author={Mitzenmacher, Michael and Upfal, Eli},
  year={2005},
  publisher={Cambridge university press}
}

@article{blumer1989learnability,
  title={Learnability and the Vapnik-Chervonenkis dimension},
  author={Blumer, Anselm and Ehrenfeucht, Andrzej and Haussler, David and Warmuth, Manfred K},
  journal={Journal of the ACM (JACM)},
  volume={36},
  number={4},
  pages={929--965},
  year={1989},
  publisher={ACM}
}

@incollection{vapnik2015uniform,
  title={On the uniform convergence of relative frequencies of events to their probabilities},
  author={Vapnik, Vladimir N and Chervonenkis, A Ya},
  booktitle={Measures of complexity},
  pages={11--30},
  year={2015},
  publisher={Springer}
}

@book{shalev2014understanding,
  title={Understanding machine learning: From theory to algorithms},
  author={Shalev-Shwartz, Shai and Ben-David, Shai},
  year={2014},
  publisher={Cambridge university press}
}

@article{Ben-David15,
  author    = {Shai Ben{-}David},
  title     = {Computational Feasibility of Clustering under Clusterability Assumptions},
  journal   = {CoRR},
  volume    = {abs/1501.00437},
  year      = {2015},
  url       = {http://arxiv.org/abs/1501.00437},
}

@article{vattani2009hardness,
  title={The hardness of k-means clustering in the plane},
  author={Vattani, Andrea},
  journal={Manuscript, accessible at http://cseweb. ucsd. edu/avattani/papers/kmeans\_hardness. pdf},
  volume={617},
  year={2009}
}

@inproceedings{ashtiani2015dimension,
  title={A Dimension-Independent Generalization Bound for Kernel Supervised Principal Component Analysis},
  author={Ashtiani, Hassan and Ghodsi, Ali},
  booktitle={Proceedings of The 1st International Workshop on “Feature Extraction: Modern Questions and Challenges”, NIPS},
  pages={19--29},
  year={2015}
}

@article{awasthi2012center,
  title={Center-based clustering under perturbation stability},
  author={Awasthi, Pranjal and Blum, Avrim and Sheffet, Or},
  journal={Information Processing Letters},
  volume={112},
  number={1},
  pages={49--54},
  year={2012},
  publisher={Elsevier}
}

@article{ben2014data,
  title={Data stability in clustering: A closer look},
  author={Ben-David, Shalev and Reyzin, Lev},
  journal={Theoretical Computer Science},
  volume={558},
  pages={51--61},
  year={2014},
  publisher={Elsevier}
}

@inproceedings{balcan2008discriminative,
  title={A discriminative framework for clustering via similarity functions},
  author={Balcan, Maria-Florina and Blum, Avrim and Vempala, Santosh},
  booktitle={Proceedings of the fortieth annual ACM symposium on Theory of computing},
  pages={671--680},
  year={2008},
  organization={ACM}
}

@incollection{balcan2012clustering,
  title={Clustering under perturbation resilience},
  author={Balcan, Maria Florina and Liang, Yingyu},
  booktitle={Automata, Languages, and Programming},
  pages={63--74},
  year={2012},
  publisher={Springer}
}

@inproceedings{balcan2008clustering,
  title={Clustering with interactive feedback},
  author={Balcan, Maria-Florina and Blum, Avrim},
  booktitle={Algorithmic Learning Theory},
  pages={316--328},
  year={2008},
  organization={Springer}
}
@inproceedings{ashtiani2015representation,
  title={Representation Learning for Clustering: A Statistical Framework},
  author={Ashtiani, Hassan and Ben-David, Shai},
  booktitle={Uncertainty in AI (UAI)},
  year={2015},
}

@incollection{mahajan2009planar,
  title={The planar k-means problem is NP-hard},
  author={Mahajan, Meena and Nimbhorkar, Prajakta and Varadarajan, Kasturi},
  booktitle={WALCOM: Algorithms and Computation},
  pages={274--285},
  year={2009},
  publisher={Springer}
}
@book{dasgupta2008hardness,
  title={The hardness of k-means clustering},
  author={Dasgupta, Sanjoy},
  year={2008},
  publisher={Department of Computer Science and Engineering, University of California, San Diego}
}

@inproceedings{inaba1994applications,
  title={Applications of weighted Voronoi diagrams and randomization to variance-based k-clustering},
  author={Inaba, Mary and Katoh, Naoki and Imai, Hiroshi},
  booktitle={Proceedings of the tenth annual symposium on Computational geometry},
  pages={332--339},
  year={1994},
  organization={ACM}
}

@book{garey2002computers,
  title={Computers and intractability},
  author={Garey, Michael R and Johnson, David S},
  volume={29},
  year={2002},
  publisher={wh freeman New York}
}

@inproceedings{basu2002semi,
  title={Semi-supervised clustering by seeding},
  author={Basu, Sugato and Banerjee, Arindam and Mooney, Raymond},
  booktitle={In Proceedings of 19th International Conference on Machine Learning (ICML-2002},
  year={2002},
}

@inproceedings{basu2004probabilistic,
  title={A probabilistic framework for semi-supervised clustering},
  author={Basu, Sugato and Bilenko, Mikhail and Mooney, Raymond J},
  booktitle={Proceedings of the tenth ACM SIGKDD international conference on Knowledge discovery and data mining},
  pages={59--68},
  year={2004},
  organization={ACM}
}

@article{kulis2009semi,
  title={Semi-supervised graph clustering: a kernel approach},
  author={Kulis, Brian and Basu, Sugato and Dhillon, Inderjit and Mooney, Raymond},
  journal={Machine learning},
  volume={74},
  number={1},
  pages={1--22},
  year={2009},
  publisher={Springer}
}

